<?xml version="1.0" encoding="UTF-8"?><collection xmlns="http://www.loc.gov/MARC21/slim"><record><leader>00346nam--2200109-i-4500</leader><controlfield tag="001">000021712</controlfield><controlfield tag="002">20161230</controlfield><controlfield tag="005">20161230201034</controlfield><controlfield tag="008">060222s1000------------r-----000-0-eng-d</controlfield><datafield ind1=" " ind2=" " tag="245"><subfield code="a">Evolution: its science and doctrine.symposium presented to the royal society of canada in 1959</subfield></datafield><datafield ind1=" " ind2=" " tag="260"><subfield code="a">Toronto, University Of Toronto Press, 1960. 22p</subfield></datafield><datafield ind1=" " ind2=" " tag="852"><subfield code="a">15522</subfield></datafield></record></collection>